
@article{aljefree_prevalence_2015,
	title = {Prevalence of {Cardiovascular} {Disease} and {Associated} {Risk} {Factors} among {Adult} {Population} in the {Gulf} {Region}: {A} {Systematic} {Review}},
	volume = {2015},
	issn = {2356-6868, 2314-7784},
	shorttitle = {Prevalence of {Cardiovascular} {Disease} and {Associated} {Risk} {Factors} among {Adult} {Population} in the {Gulf} {Region}},
	doi = {10.1155/2015/235101},
	language = {en},
	urldate = {2018-10-10},
	journal = {Advances in Public Health},
	author = {Aljefree, Najlaa and Ahmed, Faruk},
	year = {2015},
	pages = {1--23}
}

@article{fischman_randomized_1994,
	title = {A {Randomized} {Comparison} of {Coronary}-{Stent} {Placement} and {Balloon} {Angioplasty} in the {Treatment} of {Coronary} {Artery} {Disease}},
	volume = {331},
	issn = {0028-4793, 1533-4406},
	doi = {10.1056/NEJM199408253310802},
	language = {en},
	number = {8},
	urldate = {2018-10-10},
	journal = {New England Journal of Medicine},
	author = {Fischman, David L.  et al.},
	month = aug,
	year = {1994},
	pages = {496--501}
}

@article{hou_review_2016,
	title = {A review on biodegradable materials for cardiovascular stent application},
	volume = {10},
	issn = {2095-025X, 2095-0268},
	doi = {10.1007/s11706-016-0344-x},
	language = {en},
	number = {3},
	urldate = {2018-10-10},
	journal = {Frontiers of Materials Science},
	author = {Hou, Li-Da and Li, Zhen and Pan, Yu and Sabir, MuhammadIqbal and Zheng, Yu-Feng and Li, Li},
	month = sep,
	year = {2016},
	pages = {238--259}
}

@article{chen_recent_2014,
	title = {Recent advances on the development of magnesium alloys for biodegradable implants},
	volume = {10},
	issn = {1878-7568},
	doi = {10.1016/j.actbio.2014.07.005},
	language = {eng},
	number = {11},
	journal = {Acta Biomaterialia},
	author = {Chen, Yongjun and Xu, Zhigang and Smith, Christopher and Sankar, Jag},
	month = nov,
	year = {2014},
	pmid = {25034646},
	keywords = {Absorbable Implants, Alloys, Animals, Biodegradable implants, Corrosion, Design strategy, Magnesium, Magnesium alloys, Mechanical properties, Orthopedics, Prosthesis Design},
	pages = {4561--4573}
}

@article{waksman_biodegradable_2006,
	title = {Biodegradable stents: they do their job and disappear},
	volume = {18},
	issn = {1557-2501},
	shorttitle = {Biodegradable stents},
	language = {eng},
	number = {2},
	journal = {The Journal of Invasive Cardiology},
	author = {Waksman, Ron},
	month = feb,
	year = {2006},
	pmid = {16446520},
	keywords = {Humans, Absorbable Implants, Equipment Design, Stents},
	pages = {70--74}
}

@article{staiger_magnesium_2006,
	title = {Magnesium and its alloys as orthopedic biomaterials: a review},
	volume = {27},
	issn = {0142-9612},
	shorttitle = {Magnesium and its alloys as orthopedic biomaterials},
	doi = {10.1016/j.biomaterials.2005.10.003},
	language = {eng},
	number = {9},
	journal = {Biomaterials},
	author = {Staiger, Mark P. and Pietak, Alexis M. and Huadmai, Jerawala and Dias, George},
	month = mar,
	year = {2006},
	pmid = {16246414},
	keywords = {Alloys, Corrosion, Magnesium, Orthopedics, Biomechanical Phenomena, Bone Substitutes, Prostheses and Implants},
	pages = {1728--1734}
}

@article{esmaily_fundamentals_2017,
	title = {Fundamentals and advances in magnesium alloy corrosion},
	volume = {89},
	issn = {00796425},
	doi = {10.1016/j.pmatsci.2017.04.011},
	language = {en},
	urldate = {2018-10-10},
	journal = {Progress in Materials Science},
	author = {Esmaily, M. and Svensson, J.E. and Fajardo, S. and Birbilis, N. and Frankel, G.S. and Virtanen, S. and Arrabal, R. and Thomas, S. and Johansson, L.G.},
	month = aug,
	year = {2017},
	pages = {92--193}
}

@article{roth_global_2017,
	title = {Global, {Regional}, and {National} {Burden} of {Cardiovascular} {Diseases} for 10 {Causes}, 1990 to 2015},
	volume = {70},
	issn = {07351097},
	doi = {10.1016/j.jacc.2017.04.052},
	language = {en},
	number = {1},
	urldate = {2018-10-10},
	journal = {Journal of the American College of Cardiology},
	author = {Roth, Gregory A. et al.},
	month = jul,
	year = {2017},
	pages = {1--25}
}

@article{benjamin_heart_2017,
	title = {Heart {Disease} and {Stroke} {Statistics}-2017 {Update}: {A} {Report} {From} the {American} {Heart} {Association}},
	volume = {135},
	issn = {1524-4539},
	shorttitle = {Heart {Disease} and {Stroke} {Statistics}-2017 {Update}},
	doi = {10.1161/CIR.0000000000000485},
	language = {eng},
	number = {10},
	journal = {Circulation},
	author = {{American Heart Association Statistics Committee and Stroke Statistics Subcommittee}},
	month = mar,
	year = {2017},
	pmid = {28122885},
	pmcid = {PMC5408160},
	keywords = {AHA Scientific Statements, cardiovascular diseases, epidemiology, risk factors, statistics, stroke},
	pages = {e146--e603}
}

@article{haude_safety_2016,
	title = {Safety and performance of the second-generation drug-eluting absorbable metal scaffold in patients with de-novo coronary artery lesions ({BIOSOLVE}-{II}): 6 month results of a prospective, multicentre, non-randomised, first-in-man trial},
	volume = {387},
	issn = {1474-547X},
	shorttitle = {Safety and performance of the second-generation drug-eluting absorbable metal scaffold in patients with de-novo coronary artery lesions ({BIOSOLVE}-{II})},
	doi = {10.1016/S0140-6736(15)00447-X},
	language = {eng},
	number = {10013},
	journal = {Lancet (London, England)},
	author = {Haude, Michael and Ince, Hüseyin and Abizaid, Alexandre and Toelg, Ralph and Lemos, Pedro Alves and von Birgelen, Clemens and Christiansen, Evald Høj and Wijns, William and Neumann, Franz-Josef and Kaiser, Christoph and Eeckhout, Eric and Lim, Soo Teik and Escaned, Javier and Garcia-Garcia, Hector M. and Waksman, Ron},
	month = jan,
	year = {2016},
	pmid = {26470647},
	keywords = {Absorbable Implants, Aged, Alloys, Antibiotics, Antineoplastic, Cohort Studies, Coronary Restenosis, Coronary Stenosis, Drug-Eluting Stents, Endosonography, Female, Humans, Magnesium, Male, Middle Aged, Percutaneous Coronary Intervention, Prospective Studies, Sirolimus, Tissue Scaffolds, Tomography, Optical Coherence, Treatment Outcome},
	pages = {31--39}
}

@article{bowen_biodegradable_2016,
	title = {Biodegradable {Metals} for {Cardiovascular} {Stents}: from {Clinical} {Concerns} to {Recent} {Zn}-{Alloys}},
	volume = {5},
	issn = {21922640},
	shorttitle = {Biodegradable {Metals} for {Cardiovascular} {Stents}},
	doi = {10.1002/adhm.201501019},
	language = {en},
	number = {10},
	urldate = {2018-10-12},
	journal = {Advanced Healthcare Materials},
	author = {Bowen, Patrick K. and Shearier, Emily R. and Zhao, Shan and Guillory, Roger J. and Zhao, Feng and Goldman, Jeremy and Drelich, Jaroslaw W.},
	month = may,
	year = {2016},
	pages = {1121--1140},
}

@book{bonsignore_open_2012,
	title = {Open {Stent} {Design}: {Design} and analysis of self expanding cardiovascular stents},
	isbn = {1-4810-8069-5},
	publisher = {CreateSpace Independent Publishing Platform},
	author = {Bonsignore, Craig L.},
	year = {2012}
}


@article{hermawan2018updates,
  title={Updates on the research and development of absorbable metals for biomedical applications},
  author={Hermawan, Hendra},
  journal={Progress in Biomaterials},
  pages={1--18},
  year={2018},
  publisher={Springer}
}

@article{drelich2017long,
  title={Long-term surveillance of zinc implant in murine artery: Surprisingly steady biocorrosion rate},
  author={Drelich, Adam J and Zhao, Shan and Guillory II, Roger J and Drelich, Jaroslaw W and Goldman, Jeremy},
  journal={Acta Biomaterialia},
  volume={58},
  pages={539--549},
  year={2017},
  publisher={Elsevier}
}

@article{bowen2015rates,
  title={Rates of in vivo (arterial) and in vitro biocorrosion for pure magnesium},
  author={Bowen, Patrick K and Drelich, Adam and Drelich, Jaroslaw and Goldman, Jeremy},
  journal={Journal of Biomedical Materials Research Part A},
  volume={103},
  number={1},
  pages={341--349},
  year={2015},
  publisher={Wiley Online Library}
}

@article{YU2017330,
title = "In vitro and in vivo evaluation of MgF2 coated AZ31 magnesium alloy porous scaffolds for bone regeneration",
journal = "Colloids and Surfaces B: Biointerfaces",
volume = "149",
pages = "330 - 340",
year = "2017",
issn = "0927-7765",
author = "Weilin Yu and Huakun Zhao and Zhenyu Ding and Zhiwang Zhang and Benben Sun and Ji Shen and Shanshan Chen and Bingchun Zhang and Ke Yang and Meixia Liu and Daoyun Chen and Yaohua He",
}
